# DRY Principle
@online{wiki:dry,
  author = {{Wikipedia}},
  title = {Don't Repeat Yourself (DRY)},
  url = {https://en.wikipedia.org/wiki/Don%27t_repeat_yourself},
  urldate = {2024-10-20},
}

# SRP Principle
@online{wiki:srp,
  author = {{Wikipedia}},
  title = {Single Responsibility Principle},
  url = {https://en.wikipedia.org/wiki/Single_responsibility_principle},
  urldate = {2024-10-21},
}
